% Encoding: UTF-8

@InProceedings{Kulkarni2015,
  author        = {R. S. {Kulkarni} and S. L. {Chavan} and D. B. {Talange}},
  title         = {A green house electricity and heat generation: Solar {PV}/thermal panel-review},
  booktitle     = {Proc. Int. Conf. Industrial Instrumentation and Control (ICIC)},
  year          = {2015},
  pages         = {680--682},
  month         = may,
  __markedentry = {[e90041:]},
  doi           = {10.1109/IIC.2015.7150828},
  keywords      = {solar absorber-convertors, solar cells, solar energy concentrators, green house electricity, heat generation, solar PV panel, solar thermal panel, solar cell, heat extraction, flat plate collector, Liquids, Solar heating, Resistance heating, Water heating, Photovoltaic systems, Solar energy, Solar PV/T, Flat plate colector, PV/T concentrator collector},
}
