
@misc{noauthor_introduction_nodate,
	title = {Introduction to {LaTeX}},
	url = {https://www.latex-project.org/about/},
	urldate = {2021-02-15},
	file = {Introduction to LaTeX:/home/mm/Zotero/storage/CX4NBHQA/about.html:text/html},
}

@misc{noauthor_institute_2021,
	title = {Institute of {Electrical} and {Electronics} {Engineers}},
	copyright = {Creative Commons Attribution-ShareAlike License},
	url = {https://en.wikipedia.org/w/index.php?title=Institute_of_Electrical_and_Electronics_Engineers&oldid=1008148959},
	abstract = {The Institute of Electrical and Electronics Engineers (IEEE) is a professional association for electronic engineering and electrical engineering (and associated disciplines) with its corporate office in New York City and its operations center in Piscataway, New Jersey. It was formed in 1963 from the amalgamation of the American Institute of Electrical Engineers and the Institute of Radio Engineers.Due to its expansion of scope into so many related fields, it is simply referred to by the letters I-E-E-E (pronounced I-triple-E), except on legal business documents. As of 2018, it is the world's largest association of technical professionals with more than 423,000 members in over 160 countries around the world. Its objectives are the educational and technical advancement of electrical and electronic engineering, telecommunications, computer engineering and allied disciplines.},
	language = {en},
	urldate = {2021-02-24},
	journal = {Wikipedia},
	month = feb,
	year = {2021},
	note = {Page Version ID: 1008148959},
	file = {Snapshot:/home/mm/Zotero/storage/AQEKNSSD/index.html:text/html},
}

@misc{noauthor_what_nodate,
	title = {What {Is} {GitHub}? {A} {Beginner}'s {Introduction} to {GitHub}},
	shorttitle = {What {Is} {GitHub}?},
	url = {https://kinsta.com/knowledgebase/what-is-github/},
	abstract = {Wondering what is GitHub? In this post, we'll give you a beginner's introduction to GitHub, Git, and version control. Then, we'll also give you a basic tour of a GitHub repository and then share some ways that you can use Git or GitHub to make your life easier.},
	language = {en-US},
	urldate = {2021-02-24},
	journal = {Kinsta},
	file = {Snapshot:/home/mm/Zotero/storage/84CHJBDD/what-is-github.html:text/html},
}
